@article{Theobold2021,
   author = {Allison S Theobold},
   issn = {2693-9169},
   issue = {2},
   journal = {Journal of Statistics and Data Science Education},
   pages = {156-159},
   publisher = {Taylor & Francis},
   title = {Oral exams: A more meaningful assessment of students’ understanding},
   volume = {29},
   year = {2021},
}
@article{Lazer2014,
   author = {David Lazer and Ryan Kennedy and Gary King and Alessandro Vespignani},
   issn = {0036-8075},
   issue = {6176},
   journal = {science},
   pages = {1203-1205},
   publisher = {American Association for the Advancement of Science},
   title = {The parable of Google Flu: traps in big data analysis},
   volume = {343},
   year = {2014},
}
@article{Kaplan2014,
   author = {Robert M Kaplan and David A Chambers and Russell E Glasgow},
   issn = {1752-8054},
   issue = {4},
   journal = {Clinical and translational science},
   pages = {342-346},
   publisher = {Wiley Online Library},
   title = {Big data and large sample size: a cautionary note on the potential for bias},
   volume = {7},
   year = {2014},
}

}
@article{Asklund2003,
   author = {Ulf Asklund and Lars Bendix},
   journal = {Pedagogisk inspirationskonferens, Lunds Tekniska Högskola, sid},
   pages = {45-46},
   title = {Oral vs. written evaluation of students},
   year = {2003},
}
@inproceedings{Sabin2021,
   author = {Mihaela Sabin and Karen H Jin and Adrienne Smith},
   journal = {Proceedings of the 52nd ACM Technical Symposium on Computer Science Education},
   pages = {666-672},
   title = {Oral exams in shift to remote learning},
   year = {2021},
}
@inbook{Ramella2019,
   author = {Daniele Ramella},
   isbn = {1947-5918},
   journal = {Active Learning in General Chemistry: Specific Interventions},
   pages = {79-89},
   publisher = {ACS Publications},
   title = {Oral exams: A deeply neglected tool for formative assessment in chemistry},
   year = {2019},
}
@article{Wiggins2019,
   author = {Grant Wiggins},
   issn = {1531-7714},
   issue = {1},
   journal = {Practical assessment, research, and evaluation},
   publisher = {University of Massachusetts Amherst Libraries},
   title = {The case for authentic assessment},
   volume = {2},
   year = {2019},
}
@inproceedings{Ohmann2019,
   author = {Peter Ohmann},
   journal = {Proceedings of the 50th ACM Technical Symposium on Computer Science Education},
   pages = {613-619},
   title = {An assessment of oral exams in introductory cs},
   year = {2019},
}
@article{Newell2023,
   author = {Samantha J Newell},
   issn = {2332-211X},
   journal = {Scholarship of Teaching and Learning in Psychology},
   publisher = {Educational Publishing Foundation},
   title = {Employing the interactive oral to mitigate threats to academic integrity from ChatGPT.},
   year = {2023},
}
@article{Memon2010,
   author = {Muhammed Ashraf Memon and Gordon Rowland Joughin and Breda Memon},
   issn = {1382-4996},
   journal = {Advances in health sciences education},
   pages = {277-289},
   publisher = {Springer},
   title = {Oral assessment and postgraduate medical examinations: establishing conditions for validity, reliability and fairness},
   volume = {15},
   year = {2010},
}
@article{Roecker2007,
   author = {Lee Roecker},
   issn = {0021-9584},
   issue = {10},
   journal = {Journal of Chemical Education},
   pages = {1663},
   publisher = {ACS Publications},
   title = {Using oral examination as a technique to assess student understanding and teaching effectiveness},
   volume = {84},
   year = {2007},
}
@book{Joughin2010,
   author = {Gordon Joughin},
   isbn = {1907240098},
   publisher = {Leeds Met Press in association with University of Wollongong},
   title = {A short guide to oral assessment},
   year = {2010},
}
@article{Iannone2012,
   author = {Paola Iannone and A Simpson},
   issn = {0268-3679},
   issue = {4},
   journal = {Teaching Mathematics and Its Applications: International Journal of the IMA},
   pages = {179-190},
   publisher = {OUP},
   title = {Oral assessment in mathematics: implementation and outcomes},
   volume = {31},
   year = {2012},
}
@article{Huxham2012,
   author = {Mark Huxham and Fiona Campbell and Jenny Westwood},
   issn = {0260-2938},
   issue = {1},
   journal = {Assessment & Evaluation in Higher Education},
   pages = {125-136},
   publisher = {Taylor & Francis},
   title = {Oral versus written assessments: A test of student performance and attitudes},
   volume = {37},
   year = {2012},
}
@inbook{Gerlt2023,
   author = {Michael Gerlt and Jenny von Platten and Maike Klöckner and Viktor Larsson and Tommy Cedervall},
   journal = {LTH: s 12: e Pedagogiska Inspirationskonferens, 7 december 2023},
   title = {Reducing the Impact of Bias in Oral Assessments},
   year = {2023},
}
@article{Beccaria2013,
   author = {Gavin Beccaria},
   issn = {1038-4162},
   issue = {3},
   journal = {Australian Journal of Career Development},
   pages = {139-142},
   publisher = {Sage Publications Sage UK: London, England},
   title = {The viva voce as an authentic assessment for clinical psychology students},
   volume = {22},
   year = {2013},
}
@inproceedings{Baghdadchi2022,
   author = {S Baghdadchi and H Qi and M Lubarda and A Phan and C Sandoval},
   journal = {ASEE Annual Conference proceedings},
   title = {An exploratory study of student perceptions of oral exams in undergraduate engineering courses},
   year = {2022},
}
@article{kang2022providing,
  title={Providing an oral examination as an authentic assessment in a large section, undergraduate diversity class},
  author={Kang, Dredge and Goico, Sara and Ghanbari, Sheena and Bennallack, Kathleen and Pontes, Taciana and O’Brien, Dylan and Hargis, Jace},
  journal={International Journal for the Scholarship of Teaching and Learning},
  volume={13},
  number={2},
  year={2022}
}
@article{carver2016guidelines,
  title={Guidelines for assessment and instruction in statistics education (GAISE) college report 2016},
  author={Carver, Robert and Everson, Michelle and Gabrosek, John and Horton, Nicholas and Lock, Robin and Mocko, Megan and Rossman, Allan and Roswell, Ginger Holmes and Velleman, Paul and Witmer, Jeffrey and others},
  year={2016},
  publisher={AMSTAT}
}
@article{kang2022providing,
  title={Providing an oral examination as an authentic assessment in a large section, undergraduate diversity class},
  author={Kang, Dredge and Goico, Sara and Ghanbari, Sheena and Bennallack, Kathleen and Pontes, Taciana and O’Brien, Dylan and Hargis, Jace},
  journal={International Journal for the Scholarship of Teaching and Learning},
  volume={13},
  number={2},
  year={2022}
}
@article{zhang2009qualitative,
  title={Qualitative analysis of content},
  author={Zhang, Yan and Wildemuth, Barbara M},
  journal={Applications of social research methods to questions in information and library science},
  volume={308},
  number={319},
  pages={1--12},
  year={2009}
}

@misc{SIP,
  title = {Structured Interviews},
  howpublished = {\url{https://www.opm.gov/policy-data-oversight/assessment-and-selection/structured-interviews/}},
  note = {Accessed: 2024-09-01},
  year = {2024}
}